
@techreport{land_tenure_and_development_technical_committee_opportunities_2017,
	address = {Paris (France)},
	title = {The opportunities and challenges presented by a land-based commons approach},
	url = {http://www.foncier-developpement.fr/wp-content/uploads/Land-based-commons-approach.pdf},
	institution = {MEAE and AFD},
	author = {Land Tenure {and} Development Technical Committee},
	year = {2017},
	pages = {83},
}

@incollection{becu_les_2010,
	address = {Versailles},
	title = {Les téchnologies mobilisées pour l'accompagnement},
	isbn = {978-2-7592-0620-9},
	url = {https://library.oapen.org/handle/20.500.12657/24747},
	abstract = {Le développement durable et sa traduction en terme de participation des acteurs locaux aux choix d'avenir des territoires, dans lesquels ils vivent ou travaillent, sont devenus des sujets d'actualité. Mais le sens donné à ces deux termes développement durable est si variable et si controversé qu'un minimum de méthode s'impose pour mettre en place des démarches participatives autour de la gestion durable des ressources naturelles renouvelables. La modélisation d'accompagnement en est une parmi d'autres. Elle tire son originalité de l'implication récurrente des acteurs dans sa mise en oeuvre, du recours à des modèles comme moyens de représentation des enjeux en discussion et de l'importance donnée à l'interprétation collective des sorties de ces modèles. Cet ouvrage a pour objectif de familiariser le lecteur avec la démarche de modélisation d'accompagnement, en présentant la posture scientifique qui la fonde, ses méthodes et ses outils, et la place particulière des modèles. Il explique également comment intégrer plusieurs échelles de décision, prendre en compte les jeux de pouvoir, et enfin comment évaluer les effets de cette démarche sur les personnes associées à sa mise en oeuvre. Cet ouvrage s'appuie sur les exemples concrets issus de 27 cas étudiés par le collectif de chercheurs et sur des outils pédagogiques. Il est destiné aux chercheurs dans le domaine du développement rural et des ressources renouvelables, ainsi qu'aux étudiants et enseignants.},
	language = {Français},
	booktitle = {La modélisation d'accompagnement : une démarche participative en appui au développement durable},
	publisher = {Quae éditions},
	author = {Becu, Nicolas and Bommel, Pierre and Botta, Aurélie and Le Page, Christophe and Perez, Pascal},
	editor = {Etienne, Michel},
	month = jun,
	year = {2010},
	pages = {183--201},
}

@article{etienne_ardi_2011,
	title = {{ARDI}: {A} {Co}-construction {Method} for {Participatory} {Modeling} in {Natural} {Resources} {Management}},
	volume = {16},
	copyright = {© 2011 by the author(s)},
	issn = {1708-3087},
	shorttitle = {{ARDI}},
	url = {https://www.ecologyandsociety.org/vol16/iss1/art44/},
	doi = {10.5751/ES-03748-160144},
	abstract = {Etienne, M., D. R. Du Toit, and S. Pollard. 2011. ARDI: a co-construction method for participatory modeling in natural resources management. Ecology and Society 16(1): 44. https://doi.org/10.5751/ES-03748-160144},
	language = {en},
	number = {1},
	urldate = {2021-11-11},
	journal = {Ecology and Society},
	author = {Etienne, Michel and Du Toit, Derick and Pollard, Sharon},
	month = mar,
	year = {2011},
	note = {Publisher: The Resilience Alliance},
	file = {Full Text PDF:/home/delay/Zotero/storage/5G2VNNWR/Etienne et al. - 2011 - ARDI A Co-construction Method for Participatory M.pdf:application/pdf;Snapshot:/home/delay/Zotero/storage/HIQ5R3LJ/art44.html:text/html},
}

@book{arendt_condition_2020,
	series = {Livre de poche},
	title = {Condition de l'homme moderne},
	isbn = {978-2-253-10132-1},
	abstract = {"Comment l'humanit??, qui ??tait au sommet du progr??s technique, a-t-elle pu se laisser happer par la barbarie totalitaire et finir par y sombrer ? Telle est la question soulev??e dans cet ouvrage. Cette faillite, nous dit Arendt, est la cons??quence de l'oubli par l'homme moderne d'un monde de valeurs partag??es et discut??es en commun avec autrui, d??s lors qu'il n'a plus envisag?? les choses qu'au travers du prisme de leur utilit?? pour son bonheur priv??. Indiff??rent aux autres, l'homme moderne ne forme plus avec eux qu'une foule d'individus sans lien v??ritable et sans d??fense contre la voracit?? des dictateurs et des leaders providentiels. Comment, dans ce cas, pourra-t-il ??chapper aux dangers qui p??sent toujours sur sa condition ? Cette r????dition est accompagn??e de l'importante pr??face originale de Paul Ricoeur qui reste une des meilleures introductions ?? la pens??e d'Arendt. Dans son avant-propos in??dit, Laure Adler montre comment ce texte fut et reste visionnaire dans l'??clairage qu'il jette sur les urgences d'aujourd'hui."},
	language = {French},
	number = {35929},
	publisher = {Calmann-Lévy},
	author = {Arendt, Hannah},
	translator = {Fradier, Georges},
	year = {2020},
	note = {OCLC: 1232088779},
}

@inproceedings{perrotton_definition_2021,
	address = {public},
	title = {Définition collective d'un futur désirable pour la zone de {Diohine}, {Sénégal} : {Implementation} de la méthode {ACARDI} à {Diohine} au {Sénégal}},
	language = {fre},
	urldate = {2021-12-07},
	publisher = {ISRA},
	author = {Perrotton, Arthur and Ba, M. and Delay, Etienne and Fallot, Abigail},
	month = nov,
	year = {2021},
	note = {Section: CIRAD-ES-UPR Forêts et sociétés (FRA); Université Gaston Berger (SEN); CIRAD-ES-UMR SENS (SEN); CIRAD-ES-UMR SENS (FRA)
3},
	pages = {1 p.},
}

@book{latour_face_2015,
	address = {Paris},
	series = {Les {Empêcheurs} de penser en rond},
	title = {Face à {Gaïa}: huit conférences sur le nouveau régime climatique},
	isbn = {978-2-35925-108-1},
	shorttitle = {Face à {Gaïa}},
	publisher = {La Découverte : Les Empêcheurs de penser en rond},
	author = {Latour, Bruno},
	year = {2015},
	keywords = {Climatic changes, Effect of human beings on, Gaia hypothesis, Nature, Nature in literature, Philosophical anthropology, Philosophy, Philosophy of nature},
}

@book{jacob_terres_2007,
	address = {Paris},
	series = {Collection À travers champs},
	title = {Terres privées, terres communes: gouvernement de la nature et des hommes en pays winye, {Burkina} {Faso}},
	isbn = {978-2-7099-1625-7},
	shorttitle = {Terres privées, terres communes},
	language = {fre},
	publisher = {IRD éd},
	author = {Jacob, Jean-Pierre},
	year = {2007},
}
